@article{wistuba2019survey,
  title={A survey on neural architecture search},
  author={Wistuba, Martin and Rawat, Ambrish and Pedapati, Tejaswini},
  journal={arXiv preprint arXiv:1905.01392},
  year={2019}
}
